@String{LNCS  = {Lecture Notes in Comp. Sci.}}
@String{Springer = {Springer-Verlag}}
% -----------------------------------
@Book{Aho:Ullman:1972,
 author  = {Alfred V. Aho and Jeffrey D. Ullman},
 title   = {The Theory of Parsing, Translation and Compiling,
            Vol.~I, Parsing},
 publisher = {Prentice Hall},
 year    = {1972}}
% -----------------------------------
@Book{DragonBook:1987,
 author  = {Alfred V. Aho and
            Ravi Sethi and
            Jeffrey D. Ullman},
 title   = {Compilers, Principles,Techniques, and Tools},
 publisher = {Addison-Wesley},
 year    = {1987}}
% -----------------------------------
@Phdthesis{Birman:1970,
 author  = {Alexander Birman},
 title   = {The TMG Recognition Schema},
 school  = {Princeton University},
 month   = {February},
 year    = {1970}} 
% -----------------------------------
@Article{Birman:Ullman:1973,
 author  = {Alexander Birman and Jeffrey D. Ullman},
 title   = {Parsing Algorithms with Backtrack},
 journal = {Information and Control},
 year    = {1973},
 volume  = {23},
 pages   = {1--34}}
% -----------------------------------
@Article{Brooker:Morris:1961,
 author = {P.A. Brooker and D. Morris},
 title  = {Some Proposals for the Realization of a Certain Assembly Program},
 journal = {The Computer Journal},
 year = {1961},
 volume = {3},
 number = {4},
 pages = {220--231}}
% -----------------------------------
@Article{Brooker:Morris:1962,
 author = {P.A. Brooker and D. Morris},
 title  = {A General Translation Program 
           for Phrase Structure Languages},
 journal = JACM,
 year = {1962},
 volume = {9},
 number = {1},
 pages = {1--10}}
% -----------------------------------
@Mastersthesis{Ford:Thesis,
 author  = {Bryan Ford},
 title   = {Packrat Parsing:
            a Practical Linear-Time Algorithm with Backtracking},
 school  = {Massachusetts Institute of Technology},
 month   = {September},
 year    = {2002}, 
 note    = {\newline\url{http://pdos.csail.mit.edu/papers/packrat-parsing:ford-ms.pdf}}}
% -----------------------------------
@Inproceedings{Ford:2002,
 author    = {Ford, Bryan},
 title     = {Packrat Parsing: Simple, Powerful, Lazy, Linear Time},
 booktitle = {Proceedings of the Seventh ACM SIGPLAN International Conference on Functional Programming},
 year      = {2002},
 address   = {Pittsburgh, PA, USA},
 publisher = {ACM},
 pages     = {36--47},
 note      = {\newline\url{http://www.bford.info/pub/lang/packrat-icfp02.pdf}}}
 % -----------------------------------
@Inproceedings{Ford:2004,
 author  = {Bryan Ford},
 title   = {Parsing Expression Grammars: 
            A Recognition-Based Syntactic Foundation},
 booktitle = {Proceedings of the 31st ACM SIGPLAN-SIGACT Symposium on Principles
              of Programming Languages},
 editor  = {Neil D. Jones and Xavier Leroy},
 address = {Venice, Italy},
 month   = {14--16~January},
 year    = {2004},
 publisher = {ACM},
 pages    = {111--122},
 note     = {\newline\url{http://pdos.csail.mit.edu/papers/parsing:popl04.pdf}}}
% -----------------------------------
@Misc{PEG,
 author  = {Bryan Ford},
 title   = {The Packrat Parsing and {P}arsing {E}xpression {G}rammars Page},
 howpublished = {\newline\url{http://bford.info/packrat}},
 note    = {Accessed 2015-07-15}}
% -----------------------------------
@Techreport{Grimm:2004,
 author  = {Robert Grimm},
 title   = {Practical Packrat Parsing},
 institution = {Dept. of Computer Science, New York University},
 number  = {TR2004-854},
 month   = {March},
 year    = {2004}, 
 library = {yes}}
 %url   = {\tts{http://www.cs.nyu.edu/rgrimm/papers/tr2004-854.pdf}}}
% -----------------------------------
@Book{Hopgood:1969,
 author  = {F. R. A. Hopgood},     
 title   = {Compiling Techniques},     
 publisher = {MacDonalds},     
 year    = {1969}}     
 %url    = {\newline\tx{http://www.chilton-computing.org.uk/acl/literature/books/compilingtechniques/p007.htm}}}     
% -----------------------------------
@Book{JLS:2005,
 author  = {James Gosling and
            Bill Joy and 
            Guy Steele and 
            Gilad Bracha},     
 title   = {Java Language Specification, The 3rd Edition},     
 publisher = {Addison-Wesley},     
 year    = {2005}}     
 %url    = {\newline\tx{http://java.sun.com/docs/books/jls/third\_edition/html/j3TOC.html}}}     
% -----------------------------------
@Inproceedings{Koprowski:Binsztok:2010,
 author = {Adam Koprowski and
           Henri Binsztok},
 title  = {{TRX}: A Formally Verified Parser Interpterer},
 booktitle = {ESOP 2010: 19th European Symposium on Programming},
 editor = {Andrew D. Gordon},
 address = {Paphos, Cyprus},
 month = {22--26~} # mar,
 year = {2010},
 series = LNCS,
 number = {6012},
 publisher = Springer,
 pages = {345--365}}
% -----------------------------------
@Misc{Mariano:units,
 author  = {Adrian Mariano},
 title   = {{GNU} units 1.86},
 note    = {\tx{http://ftp.gnu.org/gnu/units}}}
% -----------------------------------
@Inproceedings{McClure:1965,
 author  = {R. M. McClure},
 title   = {{TMG} -- a syntax directed compiler},
 booktitle = {Proceedings of the 20th {ACM} National Conference},
 editor  = {Lewis Winner},
 year    = {1965},
 month   = {24--26~August},
 pages   = {262--274},
 location = {Cleveland, Ohio},
 publisher = {ACM}}
 % -----------------------------------
@Article{Michie:1968,
 author  = {Donald Michie},
 title   = {Memo Functions and Machine Learning},
 journal = {Nature},
 year    = {1968},
 month   = {April},
 volume  = {218},
 pages   = {19--22}}
% -----------------------------------
@Misc{Noll:calc,
 author  = {Landon Curt Noll},
 title   = {Calc: C-style arbitrary precision system},
 note    = {\newline\tx{http://sourceforge.net/projects/calc}}}
% -----------------------------------
@Article{Lucas:1961,
 author  = {P. Lucas},
 title   = {The Structure of Formula-Translators},
 journal = {{ALGOL} Bulletin Supplement},
 year    = {1961},
 month   = {September},
 volume  = {16},
 pages   = {1--27}}
% -----------------------------------
@Article{Medeiros:2014,
 author  = {Fabio Mascarenhas and S\´{e}rgio Medeiros and Roberto Ierusalimschy},
 title   = {On the Relation between Context-Free Grammars and
           {P}arsing {E}xpression {G}rammars},
 journal = {Science of Computer Programming},
 volume  = {89},
 pages   = {235--250},
 year    = {2014}}
% -----------------------------------
@Phdthesis{Medeiros:PhD,
 author  = {Sergio Medeiros},
 title   = {Correspond\^{e}ncia entre PEGs e Classes de
           Gram\'{a}ticas Livres de Contexto},
 school  = {Pontif\'{i}cia Universidade Cat\'{o}lica do Rio de Janeiro},
 month   = aug,
 year    = {2010}} 
% -----------------------------------
@Article{Redz:2007:FI,
 author  = {Roman R. Redziejowski},
 title   = {{P}arsing {E}xpression {G}rammar 
            as a Primitive Recursive-Descent Parser with Backtracking},
 journal = {Fundamenta Informaticae},
 volume  = {79},
 number  = {3--4},
 year    = {2007},
 pages   = {513--524},
 note    = {\newline\url{http://www.romanredz.se/papers/FI2007.pdf}}}
% -----------------------------------
@Article{Redz:2008:FI,
 author  = {Roman R. Redziejowski},
 title   = {Some aspects of {P}arsing {E}xpression {G}rammar},
 journal = {Fundamenta Informaticae},
 volume  = {85},
 number  = {1--4},
 year    = {2008},
 pages   = {441--454}}
% -----------------------------------
@Article{Redz:2009:FI,
 author  = {Roman R. Redziejowski},
 title   = {Applying Classical Concepts to {P}arsing {E}xpression {G}rammar},
 journal = {Fundamenta Informaticae},
 volume  = {93},
 number  = {1--3},
 year    = {2009},
 pages   = {325--336}}
% -----------------------------------
@article{Redz:2013:FI,
 author    = {Roman R. Redziejowski},
 title     = {From {EBNF} to {PEG}},
 journal   = {Fundamenta Informaticae},
 volume    = {128},
 year      = {2013},
 number    = {1-2},
 pages     = {177--191},
 note      = {\url{http://www.romanredz.se/papers/FI2013.pdf}}}
% -----------------------------------
@article{Redz:2014:FI,
 author    = {Roman R. Redziejowski},
 title     = {More about converting {BNF} to {PEG}},
 journal   = {Fundamenta Informaticae},
 volume    = {133},
 year      = {2014},
 number    = {2-3},
 pages     = {257--270},
 note      = {\url{http://www.romanredz.se/papers/FI2014.pdf}}}
% -----------------------------------
@Article{Rosen:1964,
 author  = {Saul Rosen},
 title   = {A Compiler-Building System Developed by {B}rooker and {M}orris},
 journal = CACM,
 year    = {1964},
 month   = jul,
 volume  = {7},
 number  = {7},
 pages   = {403--414}}
% -----------------------------------
@TechReport{Schmitz:2006,
 author  = {Sylvain Schmitz},
 title   = {Modular Syntax Demands Verification},
 institution = {Laboratoire I3S, Universit\'e de Nice - Sophia Antipolis},
 month   = oct,
 year    = 2006,
 number  = {I3S/RR-2006-32-FR}}
 %url    = {\newline\tx{http://www.i3s.unice.fr/$\sim$mh/RR/2006/RR-06.32-S.SCHMITZ.pdf}}}
% -----------------------------------
@Misc{Wiki:PEG,
 author  = {Wikipedia},
 title   = {Parsing Expression Grammar},
 howpublished = {\newline\url{http://en.wikipedia.org/wiki/Parsing_expression_grammar}},
 note    = {Accessed 2015-07-15}}
% -----------------------------------
@Misc{Wiki:Rats,
 author  = {Wikipedia},
 title   = {Comparison of parser generators},
 howpublished = {\newline\url{https://en.wikipedia.org/wiki/Comparison_of_parser_generators}},
 note    = {Accessed 2015-07-15}}
% -----------------------------------
